Best MLP and DT hybridisation method description
@article{Banerjee1997,
    title = {Initializing neural networks using decision trees},
    author = {Banerjee, A.},
    journal = {Computational learning theory and natural learning systems},
    volume = {IV},
    year = {1997},
    pages = {3--15},
} 

\k{a} \={u} \v{z} - lietuviškų raidžių pavyzdžiai
@article{EgArticle, 
       title   = {Straipsnio pavadinimas},
       author  = {Pavard\.{e}, V. and Pavardė, V. and Pavardė, V.},
       journal = {\v{Z}urnalo pavadinimas},
       year    = {2014},
       volume  = {Tomas},
       pages   = {3--15},
}
